@book{halimsfcp3,
    title       = {Competitive Programming},
    author      = {Halim, S. and Halim, F.},
    year        = {2013},
}
@online{abouticpc,
    author      = {{ICPC Foundation}},
    title       = {ICPC Fact Sheet},
    url         = {https://icpc.baylor.edu/worldfinals/pdf/Factsheet.pdf},
    year        = {2018},
    urldate     = {22 October 2018},
}
@online{wfrules,
    author      = {{ICPC Foundation}},
    title       = {World Finals Rules for 2019},
    url         = {https://icpc.baylor.edu/worldfinals/rules},
    year        = {2018},
    urldate     = {22 Oktober 2018}
}
@online{ioiorg,
    author      = {{IOI Organization}},
    title       = {Organization},
    url         = {https://ioinformatics.org/page/organization/4},
    year        = {2017},
    urldate     = {22 Oktober 2018}
}
@online{ioi2017,
    author      = {{IOI Organization}},
    title       = {IOI 2017 Contest Rules},
    url         = {http://ioi2017.org/contest/rules/},
    year        = {2017},
    urldate     = {22 Oktober 2018}
}
@online{cfrules,
    title       = {Codeforces Contest Rules},
    author      = {Mirzayanov, M.},
    url         = {http://codeforces.com/blog/entry/4088},
    year        = {2011},
    urldate     = {22 October 2018}
}
@online{mdnwebasm,
    title       = {MDN WebAssembly},
    author      = {Stevenson, J.},
    url         = {https://developer.mozilla.org/en-US/docs/WebAssembly},
    year        = {2018},
    month       = {September},
    urldate     = {22 October 2018}
}
@INPROCEEDINGS{uriojpaper, 
    author      = {J. L. Bez and N. A. Tonin and P. R. Rodegheri}, 
    booktitle   = {2014 9th International Conference on Computer Science Education}, 
    title       = {URI Online Judge Academic: A tool for algorithms and programming classes}, 
    year        = {2014}, 
    pages       = {149-152},
    keywords    = {computer science education;Internet;programming;URI online judge academic;algorithm class;programming class;online tool;programming topics;visual online environment;organized online environment;Computers;Visualization;programming practice;learning tool;online judge}, 
    doi         = {10.1109/ICCSE.2014.6926445}, 
    month       = {Agustus},
}
@article{wasikojsurvey,
    author      = {Wasik, Szymon and Antczak, Maciej and Badura, Jan and Laskowski, Artur and Sternal, Tomasz},
    title       = {A Survey on Online Judge Systems and Their Applications},
    journal     = {ACM Comput. Surv.},
    issue_date  = {April 2018},
    volume      = {51},
    number      = {1},
    month       = January,
    year        = {2018},
    issn        = {0360-0300},
    pages       = {3:1--3:34},
    articleno   = {3},
    numpages    = {34},
    url         = {http://doi.acm.org/10.1145/3143560},
    doi         = {10.1145/3143560},
    acmid       = {3143560},
    publisher   = {ACM},
    address     = {New York, NY, USA},
    keywords    = {Online judge, challenge, contest, crowdsourcing, evaluation as a service},
}
@INPROCEEDINGS{wfeltervmcontainer,
    author      = {W. Felter and A. Ferreira and R. Rajamony and J. Rubio}, 
    booktitle   = {2015 IEEE International Symposium on Performance Analysis of Systems and Software (ISPASS)}, 
    title       = {An updated performance comparison of virtual machines and Linux containers}, 
    year        = {2015}, 
    pages       = {171-172},
    keywords    = {cloud computing;Linux;virtual machines;virtual machines;Linux containers;cloud computing;KVM;Docker;representative hypervisor;container manager;cloud architectures;Containers;Servers;Linux;Virtual machining;Random access memory;Hardware;Throughput},
    doi         = {10.1109/ISPASS.2015.7095802}, 
    month       = {March},
}
@article{danutamalms,
    title       = "Scalable Autograder and LMS Integration",
    journal     = "Procedia Technology",
    volume      = "11",
    pages       = "388 - 395",
    year        = "2013",
    note        = "4th International Conference on Electrical Engineering and Informatics, ICEEI 2013",
    issn        = "2212-0173",
    doi         = "https://doi.org/10.1016/j.protcy.2013.12.207",
    author      = "Karol Danutama and Inggriani Liem",
    keywords    = "programming course, large course size, automatic grading, LMS, Dispatcher"
}
@article{merkeldocker,
    author      = {Merkel, Dirk},
    title       = {Docker: Lightweight Linux Containers for Consistent Development and Deployment},
    journal     = {Linux J.},
    issue_date  = {Maret 2014},
    volume      = {2014},
    number      = {239},
    month       = {Maret},
    year        = {2014},
    issn        = {1075-3583},
    articleno   = {2},
    url         = {http://dl.acm.org/citation.cfm?id=2600239.2600241},
    acmid       = {2600241},
    publisher   = {Belltown Media},
    address     = {Houston, TX},
}
@article{lessardchroot,
    title       = {InfoSec reading room report: Linux process containment - a practical Look at chroot and user mode Linux},
    author      = {Lessard P.},
    publisher   = {SANS Institute},
    year        = {2003},
}
@article{jordanioi,
    title       = {Components and Architectural Design of an Autograder System Family},
    author      = {Jordan Fernando and Inggriani Liem},
    publisher   = {Olympiads in Informatics},
    year        = {2014},
}